@BOOK{silva2005,
  title = {Planejamento da Pesquisa Experimental},
  subtitle = {Base Conceitual e Metodol\'ogica},
  publisher = {Instituto de F\'isica e Matem\'atica},
  year = {2007},
  author = {Jo\~ao Gilberto Corr\^ea da Silva},
  address = {Pelotas},
  pages = {509}
}

@TECHREPORT{BP2018,
  author      = {{British Petroleum Company}},
  title       = {BP statistical review of world energy},
  institution = {British Petroleum Company},
  year        = {2018},
  address     = {London}
}

@Manual{R-base,
  title = {R: A Language and Environment for Statistical Computing},
  author = {{R Core Team}},
  organization = {R Foundation for Statistical Computing},
  address = {Vienna, Austria},
  year = {2020},
  url = {https://www.R-project.org/},
}

@Manual{R-bookdown,
  title = {bookdown: Authoring Books and Technical Documents with R Markdown},
  author = {Yihui Xie},
  year = {2020},
  note = {R package version 0.21},
  url = {https://github.com/rstudio/bookdown},
}

@Manual{R-knitr,
  title = {knitr: A General-Purpose Package for Dynamic Report Generation in R},
  author = {Yihui Xie},
  year = {2021},
  note = {R package version 1.31},
  url = {https://yihui.org/knitr/},
}

@Manual{R-rmarkdown,
  title = {rmarkdown: Dynamic Documents for R},
  author = {JJ Allaire and Yihui Xie and Jonathan McPherson and Javier Luraschi and Kevin Ushey and Aron Atkins and Hadley Wickham and Joe Cheng and Winston Chang and Richard Iannone},
  year = {2020},
  note = {R package version 2.6},
  url = {https://github.com/rstudio/rmarkdown},
}

@Book{bookdown2016,
  title = {bookdown: Authoring Books and Technical Documents with {R} Markdown},
  author = {Yihui Xie},
  publisher = {Chapman and Hall/CRC},
  address = {Boca Raton, Florida},
  year = {2016},
  note = {ISBN 978-1138700109},
  url = {https://github.com/rstudio/bookdown},
}

@Book{knitr2015,
  title = {Dynamic Documents with {R} and knitr},
  author = {Yihui Xie},
  publisher = {Chapman and Hall/CRC},
  address = {Boca Raton, Florida},
  year = {2015},
  edition = {2nd},
  note = {ISBN 978-1498716963},
  url = {https://yihui.org/knitr/},
}

@InCollection{knitr2014,
  booktitle = {Implementing Reproducible Computational Research},
  editor = {Victoria Stodden and Friedrich Leisch and Roger D. Peng},
  title = {knitr: A Comprehensive Tool for Reproducible Research in {R}},
  author = {Yihui Xie},
  publisher = {Chapman and Hall/CRC},
  year = {2014},
  note = {ISBN 978-1466561595},
  url = {http://www.crcpress.com/product/isbn/9781466561595},
}

@Book{rmarkdown2018,
  title = {R Markdown: The Definitive Guide},
  author = {Yihui Xie and J.J. Allaire and Garrett Grolemund},
  publisher = {Chapman and Hall/CRC},
  address = {Boca Raton, Florida},
  year = {2018},
  note = {ISBN 9781138359338},
  url = {https://bookdown.org/yihui/rmarkdown},
}

@Book{rmarkdown2020,
  title = {R Markdown Cookbook},
  author = {Yihui Xie and Christophe Dervieux and Emily Riederer},
  publisher = {Chapman and Hall/CRC},
  address = {Boca Raton, Florida},
  year = {2020},
  note = {ISBN 9780367563837},
  url = {https://bookdown.org/yihui/rmarkdown-cookbook},
}

@ARTICLE{Tavares1999,
  author = {Elda Lima Tavares and Luiz Antonio do Anjos},
  title = {Perfil antropom\'etrico da popula\c{c}\~ao idosa brasileira. Resultados da Pesquisa Nacional sobre sa\'ude e Nutri\c{c}\~ao},
  journal = {Cad. Sa\'ude P\'ublica},
  year = {1999},
  volume = {15},
  number = {4},
  pages = {759-768},
  month = {out-dez},
  address = {Rio de janeiro}
}

@TECHREPORT{Nasa1986,
  author =       {{Presidential Comission}},
  title =        {On the Space Shuttle Challanger Accident},
  institution =  {National Aeronautics and Space Administration},
  year =         {1986},
  volume =       {I},
  address =      {Washington},
  month =        {June},
  pages =         {256}
}



@BOOK{Ferreira2009,
  title = {Estat\'istica B\'asica},
  publisher = {Editora UFLA},
  year = {2009},
  author = {Daniel Furtado Ferreira},
  pages = {664},
  address = {Lavras},
  edition = {2 Revisada}
}

@BOOK{Devore2006,
  title = {Probabilidade e Estat\'istica para Engenharia e Ci\^encias},
  publisher = {Cengage Learning},
  year = {2006},
  author = {Jayr L. Devore},
  pages = {692},
  address = {S\~ao Paulo},
  edition = {6},
  note = {tradu\c{c}\~ao Joaquim Pinheiro Nunes da Silva}
}

@BOOK{Montgomery2016,
  title = {Estat\'istica Aplicada e Probabilidade para Engenheiros},
  publisher = {LTC},
  year = {2016},
  author = {Douglas C. Montgomery and George C. Runger},
  pages = {629},
  address = {Rio de Janeiro},
  edition = {6},
  note = {tradu\c{c}\~ao Ver\^onica Calado}
}

@BOOK{Balakrishnan1998,
  title = {Order Statistics: Theory \& Methods},
  publisher = {Elsevier},
  year = {1998},
  author = {N. Balakrishnan and C. R. Rao},
  address = {New York},
  owner = {Benallanna},
  timestamp = {2012.07.30}
}

@BOOK{Bracciali2006,
  title = {Zeros de Polinômios Ortogonais: Interpretação Eletrostática e Análise
	de Frequências},
  publisher = {SBMAC},
  year = {2006},
  author = {Cleonice Fátima Bracciali and Eliana Xavier Linhares de Andrade},
  address = {São José do rio Preto},
  owner = {Benallanna},
  timestamp = {2012.04.26}
}

@BOOK{richard1993,
  title = {Numerical Analysis},
  publisher = {PWS Publishing Company},
  year = {1993},
  author = {Richard L. Burden and Douglas J. Faires},
  address = {Boston},
  edition = {5},
  owner = {Benallanna},
  timestamp = {2012.04.25}
}

@BOOK{Campos1998,
  title = {Cálculo Numérico},
  publisher = {UFMG},
  year = {1998},
  author = {F. F. Campos},
  pages = {149},
  address = {Belo Horizinte},
  owner = {Benallanna},
  timestamp = {2012.05.29}
}

@BOOK{Charnet1999,
  title = {An\'alises de Modelos de Regress\~ao Linear - Com Aplica\c{c}\~oes},
  publisher = {Editora UNICAMP},
  year = {1999},
  author = {Reinaldo Charnet and Clarice Azevedo de Luna Freire and Eugenia M.
	R. Charnet and Heloisa Bonvino},
  pages = {356},
  edition = {2},
  owner = {Benallanna},
  timestamp = {2013.11.21}
}

@BOOK{Chihara1978,
  title = {An introduction to Orthogonal Polynomials},
  publisher = {Gordon and Breach},
  year = {1978},
  author = {T. S. Chihara},
  volume = {13},
  series = {Mathematics and its Applications Series},
  address = {New York},
  owner = {Benallanna},
  timestamp = {2012.05.01}
}

@ARTICLE{ciftja2003,
  author = {O. Ciftja and C. Wexler},
  title = {Monte Carlo simulation method for Laughlin-like states in a diskgeometry},
  journal = {Physical Review B.},
  year = {2003},
  volume = {67},
  pages = {075304},
  number = {7},
  month = {feb},
  eid = {075304},
  adsnote = {Provided by the SAO/NASA Astrophysics Data System},
  adsurl = {http://adsabs.harvard.edu/abs/2003PhRvB..67g5304C},
  archiveprefix = {arXiv},
  doi = {10.1103/PhysRevB.67.075304},
  eprint = {0709.2320},
  keywords = {Quantum Hall effects, Fermion systems and electron gas, Landau levels},
  primaryclass = {cond-mat.mes-hall}
}

@BOOK{David2003,
  title = {Order Statistics},
  publisher = {John Wiley \& Sons},
  year = {2003},
  author = {David, H. A. and Nagaraja, H. N.},
  address = {Canada},
  owner = {Benallanna},
  timestamp = {2012.07.30}
}

@BOOK{davis1984,
  title = {Methods of Numerical Integration},
  publisher = {Academic Press},
  year = {1984},
  author = {P. J. Davis and P. Rabinowitz},
  pages = {612p.},
  address = {New York},
  edition = {2},
  owner = {Benallanna},
  timestamp = {2012.04.25}
}

@ARTICLE{Duncan1955,
  author = {D. B. Duncan},
  title = {Multiple range and multiple F tests},
  journal = {Biometrics},
  year = {1955},
  volume = {11},
  pages = {1-42},
  owner = {Benallanna},
  timestamp = {2012.06.03}
}

@ARTICLE{Duncan1952,
  author = {D. B. Duncan},
  title = {On the properties of the multiple comparisons test.},
  journal = {Virginia J. Sci.},
  year = {1952},
  volume = {3},
  pages = {50-67},
  owner = {Benallanna},
  timestamp = {2012.06.03}
}

@ARTICLE{Dunnett1970,
  author = {C. W. Dunnett},
  title = {Multiple Comparisons Tests},
  journal = {Biometrics},
  year = {1970},
  volume = {26},
  pages = {482-491},
  note = {Query 272},
  owner = {Benallanna},
  timestamp = {2012.06.03}
}

@ARTICLE{Dunnett1955,
  author = {C. W. Dunnett},
  title = {Multiple comparisons eith a standard},
  journal = {Proc. 9th. Ann. Conv. Amer. Soc. Qual. Control},
  year = {1955},
  pages = {485-492},
  month = {May},
  owner = {Benallanna},
  timestamp = {2012.06.03}
}

@ARTICLE{Dunnett1955a,
  author = {C. W. Dunnett},
  title = {A multiple comparison procedure for comparing several treatments
	with a control},
  journal = {J. Amer. Statist. Ass.},
  year = {1955},
  volume = {50},
  pages = {1096-1121},
  owner = {Benallanna},
  timestamp = {2012.06.03}
}

@BOOK{ferreira2011,
  title = {Estatística Multivariada},
  publisher = {Editora UFLA},
  year = {2011},
  author = {Daniel Furtado Ferreira},
  pages = {676p.},
  address = {Lavras},
  edition = {2},
  owner = {Benallanna},
  timestamp = {2012.04.26}
}

@INBOOK{Gelman1996,
  chapter = {Markov Chain Mont Carlo in Practice},
  pages = {189-202},
  title = {Model checking and model improvement},
  publisher = {Chapman and Hall},
  year = {1996},
  editor = {W. R. Gillks and S. Richardson and D. J. Spiegelhalter},
  author = {Gelman, A. and Meng, X. L.},
  address = {London},
  owner = {Benallanna},
  timestamp = {2014.02.01}
}

@ARTICLE{Gelman1992,
  author = {A. Gelman and D. B. Rubin},
  title = {Inference from iterative simulation using multiple sequences},
  journal = {Statistical Science},
  year = {1992},
  volume = {7},
  pages = {457-511},
  number = {4},
  owner = {Benallanna},
  timestamp = {2013.12.20}
}

@BOOK{Gumbel1958,
  title = {Statistics of Extremes},
  publisher = {Columbia University Press},
  year = {1958},
  author = {Gumbel, E. J.},
  pages = {4, 26, 167, 284, 296, 302},
  address = {New York},
  owner = {Benallanna},
  timestamp = {2012.12.28}
}

@ARTICLE{Gumbel1947,
  author = {E. J. Gumbel},
  title = {The distribution of the range},
  journal = {The Annals of Math. Stat.},
  year = {1947},
  volume = {18},
  pages = {384-412},
  number = {3},
  owner = {Benallanna},
  timestamp = {2012.06.03}
}

@ARTICLE{Gumbel1946,
  author = {E. J. Gumbel},
  title = {On the independence of the extremes in a sample},
  journal = {The Annals of Math. Stat.},
  year = {1946},
  volume = {17},
  pages = {78-80},
  number = {1},
  owner = {Benallanna},
  timestamp = {2012.06.03}
}

@ARTICLE{Gumbel1944,
  author = {E. J. Gumbel},
  title = {Range and Midranges},
  journal = {The Annals of Math. Stat.},
  year = {1944},
  volume = {15},
  pages = {414-422},
  number = {4},
  owner = {Benallanna},
  timestamp = {2012.06.03}
}

@BOOK{Hildebrand1974,
  title = {Introductio to Numerical Analysis},
  publisher = {McGraw-Hill},
  year = {1974},
  author = {F. B. Hildebrand},
  address = {New York},
  edition = {2},
  owner = {Benallanna},
  timestamp = {2012.05.22}
}

@ARTICLE{Hojo1942,
  author = {T. Hojo},
  title = {Distribuition of the median, quantiles and interquatile distance
	in samples from a normal population},
  journal = {Biometrika},
  year = {1931},
  volume = {23},
  pages = {315-360},
  owner = {Benallanna},
  timestamp = {2012.06.02}
}

@PHDTHESIS{LimaPeixoto2008,
  author = {Lourenço de Lima Peixoto},
  title = {Quadratura de Gauss iterativa com base nos polinômios ortogonais
	clássicos},
  school = {Centro Federal de Educação Tecnologia de MInas Gerais - CEFET/MG},
  year = {2008},
  type = {Mestrado},
  address = {Minas Gerais},
  owner = {Benallanna},
  timestamp = {2012.05.01}
}

@BOOK{Magalhaes2006,
  title = {Probabilidade e Vari\'aveis Aleat\'orias},
  publisher = {Editora USP},
  year = {2006},
  author = {Marcos Nascimento {MAGALH\~AES}},
  pages = {411},
  edition = {2},
  owner = {Benallanna},
  timestamp = {2013.11.13}
}

@PHDTHESIS{Mello2008,
  author = {Mirela Vanina de Mello},
  title = {Zeros de Polinômios Ortognais de Sobolev-Jacobi e Sobolev-Laguarre},
  school = {Universidade Estadual Paulista - Unesp},
  year = {2008},
  type = {Dissertação},
  address = {São José do Rio Preto},
  owner = {Benallanna},
  timestamp = {2012.05.01}
}

@BOOK{Mood1974,
  title = {Introduction to the Theory of Statistics},
  publisher = {McGraw-Hill},
  year = {1974},
  author = {Mood, Alexander McFarlane and Graybill, Franklin A. and Boes, Duane
	C.},
  pages = {564},
  address = {New York},
  owner = {Benallanna},
  timestamp = {2012.06.01}
}

@PHDTHESIS{Nogueira2004,
  author = {Denismar Alves Nogueira},
  title = {Proposta e avalia\c{c}\~ao de crit\'erios de converg\^encia para
	o m\'etodo de Monte Carlo via Cadeias de Markov caso uni e multivariado},
  school = {Universidade Federal de Lavras},
  year = {2004},
  type = {Mestrado},
  address = {Minas Gerais},
  owner = {Benallanna},
  timestamp = {2013.12.20}
}

@BOOK{Paulino2003,
  title = {Estat\'istica Bayesiana},
  publisher = {Funda\c{c}\~ao Calouste Gulbenkianao Calouste Gulbenkian},
  year = {2003},
  editor = {Servi\c{c}o de Edi\c{c}\~ao e Bolsas},
  author = {Carlos Daniel Paulino and M. Antonia Amaral Turkman and Bento Murteira},
  pages = {442},
  address = {Lisboa},
  owner = {Benallanna},
  timestamp = {2013.10.25}
}

@ARTICLE{Pearson1942,
  author = {E. S. Pearson and H. O. Hartley},
  title = {The probability integral of the range in samples of on observations
	from a population normal},
  journal = {Biometrika},
  year = {1942},
  volume = {32},
  pages = {301-310},
  owner = {Benallanna},
  timestamp = {2012.06.02}
}

@ARTICLE{Raftery1992,
  author = {A. E. Raftery and S. Lewis},
  title = {Comment: One long run with diagnostics - implementation strategies
	for markov chain Monte Carlo},
  journal = {Statistical Science},
  year = {1992},
  volume = {7},
  pages = {493-497},
  number = {4},
  owner = {Benallanna},
  timestamp = {2013.12.20}
}

@MANUAL{RDevelopmentCoreTeam2011,
  title = {R: A Language and Environment for Statistical Computing},
  author = {{R DEVELOPMENT CORE TEAM}},
  organization = {R Foundation for Statistical Computing},
  address = {Vienna, Austria},
  year = {2011},
  note = {{ISBN} 3-900051-07-0},
  owner = {Benallanna},
  timestamp = {2012.06.01},
  url = {http://www.R-project.org/}
}

@ARTICLE{Rider1957,
  author = {Rider, P. R.},
  title = {The midrange fo a sample as an estimator of the population midrange},
  journal = {J. Amer. Statist. Ass.},
  year = {1957},
  volume = {52},
  pages = {537-542},
  number = {280},
  month = {Dec.},
  owner = {Benallanna},
  timestamp = {2012.06.01},
  url = {http://www.jstor.org/stable/2281703}
}

@BOOK{Searle1987,
  title = {Linear models for unbalanced data},
  publisher = {J. wiley},
  year = {1987},
  author = {S. R. Searle},
  pages = {536},
  address = {New York},
  owner = {Benallanna},
  timestamp = {2012.06.11}
}

@ARTICLE{Student1927,
  author = {Student},
  title = {Errors in routine analysis},
  journal = {Biometrika},
  year = {1927},
  volume = {19},
  pages = {151-164},
  owner = {Benallanna},
  timestamp = {2012.06.03}
}

@BOOK{Swokowski1983,
  title = {Calculus with analytic geometry},
  publisher = {Prindle, Weber \& Schmidt},
  year = {1983},
  author = {E. W. Swokowski},
  pages = {870},
  owner = {Benallanna},
  timestamp = {2012.06.11}
}

@BOOK{Szegoe1975,
  title = {Orthogonal Polynomials},
  publisher = {American Mathematical Society Colloquium Publications},
  year = {1975},
  author = {G. Szegö},
  volume = {23},
  address = {Providence, RI},
  edition = {4},
  owner = {Benallanna},
  timestamp = {2012.05.01}
}

@ARTICLE{TierneyKadane1986,
  author = {Tierney, Luke and Kadane, Joseph B.},
  title = {Accurate Approximations for Posterior Moments and Marginal Densities},
  journal = {Journal of the American Statistical Association},
  year = {1986},
  volume = {81},
  pages = {pp. 82-86},
  number = {393},
  abstract = {This article describes approximations to the posterior means and variances
	of positive functions of a real or vector-valued parameter, and to
	the marginal posterior densities of arbitrary (i.e., not necessarily
	positive) parameters. These approximations can also be used to compute
	approximate predictive densities. To apply the proposed method, one
	only needs to be able to maximize slightly modified likelihood functions
	and to evaluate the observed information at the maxima. Nevertheless,
	the resulting approximations are generally as accurate and in some
	cases more accurate than approximations based on third-order expansions
	of the likelihood and requiring the evaluation of third derivatives.
	The approximate marginal posterior densities behave very much like
	saddle-point approximations for sampling distributions. The principal
	regularity condition required is that the likelihood times prior
	be unimodal.},
  copyright = {Copyright © 1986 American Statistical Association},
  issn = {01621459},
  jstor_articletype = {research-article},
  jstor_formatteddate = {Mar., 1986},
  language = {English},
  publisher = {American Statistical Association},
  url = {http://www.jstor.org/stable/2287970}
}

@ARTICLE{Tippet1925,
  author = {L. H. C. Tippet},
  title = {On the extreme individuals and the range of samples taken from a
	normal population},
  journal = {Biometrika},
  year = {1925},
  volume = {17},
  pages = {365-387},
  owner = {Benallanna},
  timestamp = {2012.06.02}
}

@ARTICLE{Tukey1953,
  author = {J. W. Tukey},
  title = {The problem of multiple comparisons},
  journal = {Unpublished Dittoed Notes, Princeton University},
  year = {1953},
  owner = {Benallanna},
  timestamp = {2012.06.03}
}

@ARTICLE{Tukey1949,
  author = {J. W. Tukey},
  title = {Comparing individual means in the analysis of variance},
  journal = {Biometrics},
  year = {1949},
  volume = {5},
  pages = {99-114},
  owner = {Benallanna},
  timestamp = {2012.06.03}
}

@ARTICLE{Wilks1948,
  author = {S. S. Wilks},
  title = {Order Statistics},
  journal = {Am. Math. Soc. Bull.},
  year = {1948},
  volume = {54},
  pages = {6-50},
  owner = {Benallanna},
  timestamp = {2012.06.03}
}

@TECHREPORT{BP2018,
  author      = {British Petroleum Company},
  title       = {BP statistical review of world energy},
  institution = {British Petroleum Company},
  year        = {2018},
  address     = {London}
}

@BOOK{silva2005,
  title = {Planejamento da Pesquisa Experimental},
  subtitle = {Base Conceitual e Metodol\'ogica},
  publisher = {Instituto de F\'isica e Matem\'atica},
  year = {2007},
  author = {João Gilberto Corr\^ea da Silva},
  address = {Pelotas},
  pages = {509}
}

@BOOK{lohr2019,
  title = {Sampling},
  subtitle = {Design and Analysis},
  publisher = {CRC Press},
  year = {2019},
  author = {Sharon L. Lohr},
  address = {Boca Raton},
  pages = {596}
}

@BOOK{hite1987,
  title = {Woman and love},
  subtitle = {A cultural revolution in progress},
  publisher = {Knopf},
  year = {1987},
  author = {S. Hite},
  address = {New York},
  pages = {922}
}
